@article{quah1995measuring,
  title={Measuring core inflation},
  author={Quah, Danny and Vahey, Shaun P},
  journal={The Economic Journal},
  pages={1130--1144},
  year={1995},
  publisher={JSTOR}
}


 @Manual{rproj,
    title = {R: A Language and Environment for Statistical Computing},
    author = {{R Core Team}},
    organization = {R Foundation for Statistical Computing},
    address = {Vienna, Austria},
    year = {2017},
    note = {{ISBN} 3-900051-07-0},
    url = {http://www.R-project.org},
  }

@Manual{inf,
    title = {INFLATION: What the Package Does (Title Case)},
    author = {Pedro Costa {Ferreira} and Daiane Marcolino and Talitha Speranza and Fernando Teixeira},
    year = {2017},
    note = {R package version 0.1.0},
  }

@article{triple,
  title={Núcleo Triplo Filtro: uma medida de trajetória da inflação},
  author={Pedro Costa {Ferreira} and Daiane Marcolino and Vagner Laerte Ardeo},
  url = {http://portalibre.fgv.br/main.jsp?lumPageId=8A7C82C53B9D2561013BB36110F5309F&lumItemId=8A7C82C5557F25F2015608F1A1F47BEE},
  year = {2016}
}
